<collection xmlns="http://www.loc.gov/MARC21/slim">
<record>
  <leader>01337nam0a22002411i 450 </leader>
  <controlfield tag="001">IT\ICCU\CNCE\078608</controlfield>
  <controlfield tag="005">20170714000000.0</controlfield>
  <datafield tag="012" ind1=" " ind2=" ">
    <subfield code="a">s-ue heun i-to node (C) 1600 (A)</subfield>
    <subfield code="2">fei</subfield>
  </datafield>
  <datafield tag="100" ind1=" " ind2=" ">
    <subfield code="a">20140620d1600        0itac0103    ba</subfield>
  </datafield>
  <datafield tag="101" ind1=" " ind2=" ">
    <subfield code="a">ITA</subfield>
  </datafield>
  <datafield tag="102" ind1=" " ind2=" ">
    <subfield code="a">IT</subfield>
  </datafield>
  <datafield tag="200" ind1="1" ind2=" ">
    <subfield code="a">Tesoro di varii secreti naturali. Tratta da diuersi auttori famosissimi, &amp; pi ̮volte sprementati in molte persone, opera molto gioueuole alla sanit ̉de&apos; corpi humani, con la dichiaratione di molti dubij. Et il modo di far et conseruar il vino</subfield>
  </datafield>
  <datafield tag="210" ind1=" " ind2=" ">
    <subfield code="a">In Venetia</subfield>
    <subfield code="c">appresso Gio. Battista Bonfadino</subfield>
    <subfield code="d">1600</subfield>
  </datafield>
  <datafield tag="215" ind1=" " ind2=" ">
    <subfield code="a">\12! c.</subfield>
    <subfield code="d">12ʻ</subfield>
  </datafield>
  <datafield tag="620" ind1=" " ind2=" ">
    <subfield code="a">IT</subfield>
    <subfield code="d">Venezia</subfield>
  </datafield>
  <datafield tag="712" ind1="0" ind2="0">
    <subfield code="a">Bonfadino, Giovanni Battista</subfield>
    <subfield code="3">IT\ICCU\CNCT\000573</subfield>
    <subfield code="4">650</subfield>
  </datafield>
  <datafield tag="791" ind1="0" ind2="0">
    <subfield code="a">Bonfadius, Ioannes Baptista</subfield>
    <subfield code="3">IT\ICCU\CNCT\004727</subfield>
    <subfield code="z">Bonfadino, Giovanni Battista</subfield>
  </datafield>
  <datafield tag="791" ind1="0" ind2="0">
    <subfield code="a">Bonfadinus, Ioannes Baptista</subfield>
    <subfield code="3">IT\ICCU\CNCT\004728</subfield>
    <subfield code="z">Bonfadino, Giovanni Battista</subfield>
  </datafield>
  <datafield tag="791" ind1="0" ind2="0">
    <subfield code="a">Bonfadini, Giovanni Battista</subfield>
    <subfield code="3">IT\ICCU\CNCT\004730</subfield>
    <subfield code="z">Bonfadino, Giovanni Battista</subfield>
  </datafield>
  <datafield tag="801" ind1=" " ind2="3">
    <subfield code="a">IT</subfield>
    <subfield code="b">ICCU</subfield>
    <subfield code="c">20201115</subfield>
  </datafield>
  <datafield tag="899" ind1=" " ind2=" ">
    <subfield code="a">British Library. London</subfield>
    <subfield code="1">UK0001</subfield>
  </datafield>
  <datafield tag="911" ind1=" " ind2=" ">
    <subfield code="a">Sul front.</subfield>
    <subfield code="9">IT\ICCU\CNCM\000294</subfield>
  </datafield>
  <datafield tag="921" ind1=" " ind2=" ">
    <subfield code="a">IT\ICCU\CNCM\000294</subfield>
    <subfield code="b">Adamo ed Eva accanto all&apos;albero su cui si attorciglia il serpente. In cornice figurata</subfield>
    <subfield code="e">De hoc stipite omnes.</subfield>
    <subfield code="c">T56</subfield>
    <subfield code="c">Z4</subfield>
    <subfield code="d">Dimensioni: 3,5 x 3,5</subfield>
    <subfield code="f">ADAMO</subfield>
    <subfield code="f">ALBERO</subfield>
    <subfield code="f">DEHOCSTIPI</subfield>
    <subfield code="f">EVA</subfield>
    <subfield code="f">SERPENTE</subfield>
    <subfield code="g">1586-1600</subfield>
  </datafield>
</record>
</collection>
